@misc{homenet,
	title="Home Networking Group",
	author= "IETF",
	howpublished= "Available at: \url{http://datatracker.ietf.org/wg/homenet/}",
	note = "[Accessed 11th December 2012]"
}

@misc{IPv6Launch,
	title="World IPv6 Launch",
	author="The Internet Society",
	howpublished="Available at: \url{http://www.worldipv6launch.org/}",
	note = "[Accessed 28th April 2013]"
}

@misc{SixXS, 
      title = "Which ISP's provide IPv6?", 
      author = "SixXS",
      howpublished = "Available at: \url{http://www.sixxs.net/faq/connectivity/?faq=native\&country=gb}",
      note = "[Accessed 30th April 2013]"
}


@misc{potaroo,
	title = "IPv4 Address Report",
	author = "Geoff Huston",
	howpublished = "Available at: \url{http://www.potaroo.net/tools/ipv4/}",
	note = "[Accessed 27th April 2013]",
}

@misc{IPv4IANA, 
	title = "IANA IPv4 Address Space Registry", 
	author = "IANA", 
	howpublished = "Available at: \url{http://www.iana.org/assignments/ipv4-address-space/ipv4-address-space.xml}",
	note = "[Accessed 29th April 2013]"
}

@misc{draft-dimitri-zospf-00,
	title="Autoconfiguration of routers using a link state routing protocol",
	author="A. Dimitrelis and A. Williams",
	year="2002",
	howpublished="Available at: \url{http://tools.ietf.org/id/draft-dimitri-zospf-00.txt}",
	note = "[Accessed 11th December 2012]"
}

@misc{draft-ietf-ospf-ospfv3-autoconfig-02,
	title="OSPFv3 Auto-Configuration",
	author="A. Lindem and J. Arkko",
	year="2013",
	howpublished="Available at: \url{http://tools.ietf.org/html/draft-ietf-ospf-ospfv3-autoconfig-02}",
	note = "[Accessed 24th April 2013]"
}

@misc{draft-arkko-homenet-prefix-assignment-03,
	title= "Prefix Assignment in a Home Network",
	author= "A. Lindem and J. Arkko and B. Paterson",
	year="2012",
	howpublished="Available at: \url{http://tools.ietf.org/html/draft-arkko-homenet-prefix-assignment-03}",
	note = "[Accessed 11th December 2012]"
}

@misc{draft-ietf-homenet-arch-07, 
	title= "Home Networking Architecture for IPv6",
	author= "T. Chown and J. Arkko and A. Brandt and O. Troan and J. Weil",
	year="2013",
	howpublished="Available at: \url{http://tools.ietf.org/html/draft-ietf-homenet-arch-07}",
	note = "[Accessed 24th April 2013]"
}

@misc{draft-baker-ipv6-ospf-extensible-00, 
	title = "Extensible OSPF LSAs",
	author = "F.J. Baker", 
	year = "2013",
	howpublished = "Available at: \url{http://tools.ietf.org/html/draft-baker-ipv6-ospf-extensible-00}",
	note = "[Accessed 30th April 2013]"
}
  
@misc{draft-baker-ipv6-ospf-dst-src-routing-00, 
	title = "IPv6 Source/Destination Routing using OSPFv3",
	author = "F.J. Baker", 
	year = "2013",
	howpublished = "Available at: \url{http://tools.ietf.org/html/draft-baker-ipv6-ospf-dst-src-routing-00}", 
	note = "[Accessed 30th April 2013]"
}

@misc{gnucodestandards,
	title ="Gnu Coding Standards",
	author = "Free Software Foundation, Inc.",
	howpublished = "Available at: \url{http://www.gnu.org/prep/standards/}",
	note = "[Accessed 24th April 2013]"
}

@misc{CiscoOSPFv3Guide,
	title="Configuring OSPFv3",
	author="Cisco Systems",
	howpublished="Available at: \url{http://www.cisco.com/en/US/docs/switches/datacenter/sw/5\_x/nx-os/unicast/configuration/guide/l3\_ospfv3.html}",
	note = "[Accessed 11th December 2012]"
}

@book{OSPFAIRP,
	title="OSPF: Anatomy of an Internet Routing Protocol",
	author="J. Moy",
	publisher="Addison Wesley",
	year="1998"
}

@book{OSPFCI,
	title="OSPF: Complete Implementation",
	author="J. Moy",
	publisher="Addison Wesley",
	year="2008"
}

@book{OSPFvsISIS,
	title="OSPF and IS-IS: Choosing an IGP for Large-Scale Networks",
	author="J. Doyle",
	publisher="Addison Wesley",
	year="2005"
}

@misc{germanGuide,
	title="CF-Bootmedium erstellen",
	author="UbuntuUsers.de",
	howpublished="Available at: \url{http://wiki.ubuntuusers.de/Alix/CF-Bootmedium\_erstellen}",
	note = "[Accessed 11th December 2012]"
}

@misc{XORPHome,
	title="XORP",
	author="The XORP Team",
	howpublished="Available at: \url{http://www.xorp.org/}",
	note = "[Accessed 11th December 2012]"
}

@misc{QuaggaHome,
	title="Quagga",
	author="nongnu",
	howpublished="Available at: \url{http://www.nongnu.org/quagga/}",
	note = "[Accessed 11th December 2012]"
}

@misc{BirdHome,
	title="BIRD",
	author="CZ.NIC Labs",
	howpublished="Available at: \url{http://bird.network.cz/}",
	note = "[Accessed 11th December 2012]"
}

@misc{alix2d3,
	title="Alix2d3 Product File",
	author="PC Engines",
	howpublished="Available at: \url{http://pcengines.ch/alix2d3.htm}",
	note = "[Accessed 11th December 2012]"
}

@misc{git,
	title="git",
	howpublished="Available at: \url{http://git-scm.com/}",
	note = "[Accessed 11th December 2012]"
}

@misc{trello,
	title="Trello",
	howpublished="Available at: \url{https://trello.com/board/third-year-project/50b53fc0ec17d1c75f003c17}",
	note = "[Accessed 11th December 2012]"
}

@misc{LaTeX,
	title="LaTeX",
	howpublished="Available at: \url{http://www.latex-project.org/}",
	note = "[Accessed 11th December 2012]"
}

@misc{texcount,
	title="TeXcount",
	howpublished="Available at: \url{http://app.uio.no/ifi/texcount/index.html}",
	note = "[Accessed 11th December 2012]"
}

%% RFCs

@misc{rfc6410,
	author="R. Housley and D. Crocker and E. Burger",
	title="RFC6410: {Reducing the Standards Track to Two Maturity Levels}",
	series="Request for Comments",
	number="6410",
	howpublished="Available at: \url{http://www.ietf.org/rfc/rfc6410.txt}",
	publisher="IETF",
	organization="Internet Engineering Task Force",
	year=2011,
	month=oct,
	url="http://www.ietf.org/rfc/rfc6410.txt",
	note="[Accessed 27th April 2013]"
}

@misc{rfc5838,
	author="A. Lindem and S. Mirtorabi and A. Roy and M. Barnes and R. Aggarwal",
	title="{Support of Address Families in OSPFv3}",
	series="Request for Comments",
	number="5838",
	howpublished="Available at: \url{http://www.ietf.org/rfc/rfc5838.txt}",
	publisher="IETF",
	organization="Internet Engineering Task Force",
	year=2010,
	month=apr,
	url="http://www.ietf.org/rfc/rfc5838.txt",
	note="[Accessed 27th April 2013]"
}

@misc{rfc6506,
	author="M. Bhatia and V. Manral and A. Lindem",
	title="{Supporting Authentication Trailer for OSPFv3}",
	series="Request for Comments",
	number="6506",
	howpublished="Available at: \url{http://www.ietf.org/rfc/rfc6506.txt}",
	publisher="IETF",
	organization="Internet Engineering Task Force",
	year=2012,
	month=feb,
	url="http://www.ietf.org/rfc/rfc6506.txt",
	note="[Accessed 27th April 2013]"
}

@misc{rfc3630,
	author="D. Katz and K. Kompella and D. Yeung",
	title="{Traffic Engineering (TE) Extensions to OSPF Version 2}",
	series="Request for Comments",
	number="3630",
	howpublished="Available at: \url{http://www.ietf.org/rfc/rfc3630.txt}",
	publisher="IETF",
	organization="Internet Engineering Task Force",
	year=2003,
	month=sep,
	url="http://www.ietf.org/rfc/rfc3630.txt",
	note="Updated by RFCs 4203, 5786 [Accessed 27th April 2013]"
}

@misc{rfc4230,
  author="H. Tschofenig and R. Graveman",
  title="{RSVP Security Properties}",
  series="Request for Comments",
  number="4230",
	howpublished="Available at: \url{http://www.ietf.org/rfc/rfc4230.txt"}",
  publisher="IETF",
  organization="Internet Engineering Task Force",
  year=2005,
  month=dec,
    url="http://www.ietf.org/rfc/rfc4230.txt",
	note="[Accessed 27th April 2013]"
}

@misc{rfc5786,
  author="R. Aggarwal and K. Kompella",
  title="{Advertising a Router's Local Addresses in OSPF Traffic Engineering (TE) Extensions}",
  series="Request for Comments",
  number="5786",
	howpublished="Available at: \url{http://www.ietf.org/rfc/rfc5786.txt}",
  publisher="IETF",
  organization="Internet Engineering Task Force",
  year=2010,
  month=mar,
  url="http://www.ietf.org/rfc/rfc5786.txt",
	note="Updated by RFC 6827 [Accessed 27th April 2013]"
}

@misc{rfc4862,
  author="S. Thomson and T. Narten and T. Jinmei",
  title="{IPv6 Stateless Address Autoconfiguration}",
  series="Request for Comments",
  number="4862",
	howpublished="Available at: \url{http://www.ietf.org/rfc/rfc4862.txt}",
  publisher="IETF",
  organization="Internet Engineering Task Force",
  year=2007,
  month=sep,
    url="http://www.ietf.org/rfc/rfc4862.txt",
	note="[Accessed 27th April 2013]"
}

@misc{rfc4193,
  author="R. Hinden and B. Haberman",
  title="{Unique Local IPv6 Unicast Addresses}",
  series="Request for Comments",
  number="4193",
	howpublished="Available at: \url{http://www.ietf.org/rfc/rfc4193.txt}",
  publisher="IETF",
  organization="Internet Engineering Task Force",
  year=2005,
  month=oct,
    url="http://www.ietf.org/rfc/rfc4193.txt",
	note="[Accessed 27th April 2013]"
}

@misc{rfc2328,
  author="J. Moy",
  title="{OSPF Version 2}",
  series="Request for Comments",
  number="2328",
  howpublished="Available at: \url{http://www.ietf.org/rfc/rfc2328.txt}",
  publisher="IETF",
  organization="Internet Engineering Task Force",
  year=1998,
  month=apr,
  url="http://www.ietf.org/rfc/rfc2328.txt",
	note="Updated by RFCs 5709, 6549, 6845, 6860 [Accessed 27th April 2013]"
}


@misc{bcp38,
  author="P. Ferguson and D. Senie",
  title="{Network Ingress Filtering: Defeating Denial of Service Attacks which employ IP Source Address Spoofing}",
  series="Request for Comments",
  number="2827",
  howpublished="Available at: \url{http://www.ietf.org/rfc/rfc2827.txt}",
  publisher="IETF",
  organization="Internet Engineering Task Force",
  year=2000,
  month=may,
  url="http://www.ietf.org/rfc/rfc2827.txt",
	note="Updated by RFC 3704 [Accessed 27th April 2013]"
}

@misc{rfc5340,
  author="R. Coltun and D. Ferguson and J. Moy and A. Lindem",
  title="{OSPF for IPv6}",
  series="Request for Comments",
  number="5340",
  howpublished="Available at: \url{http://www.ietf.org/rfc/rfc5340.txt}",
  publisher="IETF",
  organization="Internet Engineering Task Force",
  year=2008,
  month=jul,
  url="http://www.ietf.org/rfc/rfc5340.txt",
	note="Updated by RFCs 6845, 6860 [Accessed 27th April 2013]"
}

@misc{rfc5250,
  author="L. Berger and I. Bryskin and A. Zinin and R. Coltun",
  title="{The OSPF Opaque LSA Option}",
  series="Request for Comments",
  number="5250",
  howpublished="Available at: \url{http://www.ietf.org/rfc/rfc5250.txt}",
  publisher="IETF",
  organization="Internet Engineering Task Force",
  year=2008,
  month=jul,
    url="http://www.ietf.org/rfc/rfc5250.txt",
	note="[Accessed 27th April 2013]"
}

@misc{rfc2119,
	author="S. Bradner",
	title="{Key words for use in RFCs to Indicate Requirement Levels}",
	series="Request for Comments",
	number="2119",
	howpublished="Available at: \url{http://www.ietf.org/rfc/rfc2119.txt}",
	publisher="IETF",
	organization="Internet Engineering Task Force",
	year=1997,
	month=mar,
	url="http://www.ietf.org/rfc/rfc2119.txt",
	note="[Accessed 27th April 2013]"
}

