@misc{homenet,
	title="Home Networking Group",
	author= "IETF",
	howpublished= "\url{http://datatracker.ietf.org/wg/homenet/}"
}

@misc{rfc2328,
	title="OSPF Version 2",
	author = "J. Moy",
	howpublished= "\url{http://www.ietf.org/rfc/rfc2328.txt}"
}

@misc{rfc5340,
	title= "OSPF for IPv6",
	author= "R. Coltun, D. Ferguson, J. Moy, A. Lindem, Ed.",
	howpublished= "\url{http://www.ietf.org/rfc/rfc5340.txt}"
}

@misc{draft-dimitri-zospf-00,
	title="Autoconfiguration of routers using a link state routing protocol",
	author="A. Dimitrelis, A. Williams",
	howpublished="\url{http://tools.ietf.org/id/draft-dimitri-zospf-00.txt}"
}

@misc{draft-ietf-ospf-ospfv3-autoconfig-00,
	title="OSPFv3 Auto-Configuration",
	author="A. Lindem, J. Arkko",
	howpublished="\url{http://tools.ietf.org/html/draft-ietf-ospf-ospfv3-autoconfig-00}"
}

@misc{draft-arkko-homenet-prefix-assignment-03,
	title= "Prefix Assignment in a Home Network",
	author= "A. Lindem, J. Arkkoi, B. Paterson",
	howpublished="\url{http://tools.ietf.org/html/draft-arkko-homenet-prefix-assignment-03}"
}

@misc{CiscoOSPFv3Guide,
	title="Configuring OSPFv3",
	author="Cisco Systems",
	howpublished="\url{http://www.cisco.com/en/US/docs/switches/datacenter/sw/5\_x/nx-os/unicast/configuration/guide/l3\_ospfv3.html}"
}

@book{OSPFAIRP,
	title="OSPF: Anatomy of an Internet Routing Protocol",
	author="J. Moy",
	publisher="Addison Wesley",
	year="1998"
}

@book{OSPFCI,
	title="OSPF: Complete Implementation",
	author="J. Moy",
	publisher="Addison Wesley",
	year="2008"
}

@book{OSPFvsISIS,
	title="OSPF and IS-IS: Choosing an IGP for Large-Scale Networks",
	author="J. Doyle",
	publisher="Addison Wesley",
	year="2005"
}

@misc{germanGuide,
	title="CF-Bootmedium erstellen",
	author="UbuntuUsers.de",
	howpublished="\url{http://wiki.ubuntuusers.de/Alix/CF-Bootmedium\_erstellen}"
}

%% Do these belong here?

@misc{XORPHome,
	title="XORP",
	howpublished="\url{http://www.xorp.org/}"
}

@misc{QuaggaHome,
	title="Quagga",
	howpublished="\url{http://www.nongnu.org/quagga/}"
}

@misc{BirdHome,
	title="Bird",
	howpublished="\url{http://bird.network.cz/}"
}

%% DO THESE BELONG HERE?

@misc{alix2d3,
	title="Alix2d3 Product File",
	author="PC Engines",
	howpublished="\url{http://pcengines.ch/alix2d3.htm}"
}

% Probably don't need these, but do them so that I can be faster tomorrow

@misc{git,
	title="git",
	howpublished="\url{http://git-scm.com/}"
}

@misc{trello,
	title="Trello",
	howpublished="\url{https://trello.com/board/third-year-project/50b53fc0ec17d1c75f003c17}"
}

@misc{LaTeX,
	title="LaTeX",
	howpublished="\url{http://www.latex-project.org/}"
}

@misc{texcount,
	title="TeXcount",
	howpublished="\url{http://app.uio.no/ifi/texcount/index.html}"
}

